<?xml version="1.0" encoding="UTF-8"?><record xmlns="http://www.loc.gov/MARC21/slim" xmlns:cinclude="http://apache.org/cocoon/include/1.0" xmlns:zs="http://www.loc.gov/zing/srw/">
  <leader>00447nz  a2200157n  4500</leader>
  <controlfield tag="001">no2004103278</controlfield>
  <controlfield tag="003">DLC</controlfield>
  <controlfield tag="005">20041026052442.0</controlfield>
  <controlfield tag="008">041025n| acannaabn          |n aaa     c</controlfield>
  <datafield tag="010" ind1=" " ind2=" ">
    <subfield code="a">no2004103278</subfield>
  </datafield>
  <datafield tag="035" ind1=" " ind2=" ">
    <subfield code="a">(OCoLC)oca06477223</subfield>
  </datafield>
  <datafield tag="040" ind1=" " ind2=" ">
    <subfield code="a">UnM</subfield>
    <subfield code="b">eng</subfield>
    <subfield code="c">UnM</subfield>
  </datafield>
  <datafield tag="100" ind1="1" ind2=" ">
    <subfield code="a">Audras</subfield>
  </datafield>
  <datafield tag="670" ind1=" " ind2=" ">
    <subfield code="a">Les avant-postes, 1801:</subfield>
    <subfield code="b">t.p. (Audras)</subfield>
  </datafield>
  <datafield tag="670" ind1=" " ind2=" ">
    <subfield code="a">OCLC, Oct. 22, 2004:</subfield>
    <subfield code="b">(hdg.: Audras; usage: Audras)</subfield>
  </datafield>
  <datafield tag="670" ind1=" " ind2=" ">
    <subfield code="a">Bib. nat.:</subfield>
    <subfield code="b">(hdg.: Audras; usage: Audras)</subfield>
  </datafield>
</record>